@unpublished{hpsnote2014002,
  author = "A.~Celentano and G.~Charles",
  note = {HPS-NOTE 2014-002}
}
@unpublished{timingCalibration,
    author = "H.Szumila-Vance",
    note = {HPS-NOTE 2015-XXX}
}
@unpublished{miscfits,
    note = "\url{https://www.jlab.org/~baltzell/HPS/ecal/pics/pulseFitting/3poleFits-FixedWidth.pdf}"
}
