@unpublished{chicaneSettings,
    author = "M.Ehrhart and others",
    note = {HPS-NOTE 2015-007}
}
